@misc {namespace,
  year = {2019},
  month = {September},
  title = {{Kubernetes Concepts - Namespaces}},
  url = {https://kubernetes.io/docs/concepts/overview/working-with-objects/namespaces/}
}

@misc {demystify,
  author = {Grunert, Sascha},
  title = {Demystifying {Containers} - {Part I}: Kernel {Space}},
  year = {2019},
  month = {March},
  url = {https://medium.com/@saschagrunert/demystifying-containers-part-i-kernel-space-2c53d6979504}
}

@misc {codementor,
  author = {Skilbeck, John},
  title = {Docker: {What's Under the Hood}?},
  year = {2019},
  month = {January},
  url = {https://www.codementor.io/blog/docker-technology-5x1kilcbow},
}

@misc {md5,
  author = {MD5Online},
  title = {{MD5 Decryption}},
  url = {https://www.md5online.org/md5-decrypt.html}
}